<record><leader>00000cas a22000007a 4500</leader><controlfield tag="001">22760683</controlfield><controlfield tag="008">901130d19511954ohudr ne      0    0eng d</controlfield><datafield ind1=" " ind2=" " tag="010"><subfield code="a">sn 90068508 </subfield></datafield><datafield ind1=" " ind2=" " tag="040"><subfield code="a">ONP</subfield><subfield code="b">eng</subfield><subfield code="c">ONP</subfield><subfield code="d">OCLCQ</subfield></datafield><datafield ind1=" " ind2=" " tag="042"><subfield code="a">msc</subfield></datafield><datafield ind1="0" ind2=" " tag="130"><subfield code="a">News-herald (Willoughby, Ohio : 1951)</subfield></datafield><datafield ind1="1" ind2="0" tag="245"><subfield code="a">News-herald.</subfield></datafield><datafield ind1=" " ind2=" " tag="260"><subfield code="a">Willoughby, Ohio :</subfield><subfield code="b">Willoughby News Pub. Co.,</subfield><subfield code="c">1951-1954.</subfield></datafield><datafield ind1=" " ind2=" " tag="300"><subfield code="a">v.</subfield></datafield><datafield ind1=" " ind2=" " tag="310"><subfield code="a">Daily (except Sat. and Sun.)</subfield></datafield><datafield ind1="0" ind2=" " tag="362"><subfield code="a">57th year, no. 212 (Oct. 29, 1951)-60th year, no. 157 (July 7, 1954).</subfield></datafield><datafield ind1=" " ind2="4" tag="651"><subfield code="a">Willoughby (Ohio)</subfield><subfield code="v">Newspapers.</subfield></datafield><datafield ind1=" " ind2="4" tag="651"><subfield code="a">Lake County (Ohio)</subfield><subfield code="v">Newspapers.</subfield></datafield><datafield ind1=" " ind2=" " tag="752"><subfield code="a">United States</subfield><subfield code="b">Ohio</subfield><subfield code="c">Lake</subfield><subfield code="d">Willoughby.</subfield></datafield><datafield ind1="0" ind2="0" tag="780"><subfield code="t">Lake County news-herald (Willoughby, Ohio : 1933)</subfield><subfield code="w">(DLC)sn 84028215</subfield></datafield><datafield ind1="0" ind2="0" tag="785"><subfield code="t">West Lake County, Ohio news-herald</subfield><subfield code="w">(DLC)sn 90068509</subfield></datafield><datafield ind1="1" ind2=" " tag="029"><subfield code="a">AU@</subfield><subfield code="b">000025875629</subfield></datafield></record>